@article{prichard2014effects,
  title={Effects of different electrical brain stimulation protocols on subcomponents of motor skill learning},
  author={Prichard, George and Weiller, Cornelius and Fritsch, Brita and Reis, Janine},
  journal={Brain Stimulation: Basic, Translational, and Clinical Research in Neuromodulation},
  volume={7},
  number={4},
  pages={532--540},
  year={2014},
  publisher={Elsevier}
}

@article{dahne2014spoc,
  title={SPoC: a novel framework for relating the amplitude of neuronal oscillations to behaviorally relevant parameters},
  author={D{\"a}hne, Sven and Meinecke, Frank C and Haufe, Stefan and H{\"o}hne, Johannes and Tangermann, Michael and M{\"u}ller, Klaus-Robert and Nikulin, Vadim V},
  journal={NeuroImage},
  volume={86},
  pages={111--122},
  year={2014},
  publisher={Elsevier}
}

@article{haufe2014interpretation,
  title={On the interpretation of weight vectors of linear models in multivariate neuroimaging},
  author={Haufe, Stefan and Meinecke, Frank and G{\"o}rgen, Kai and D{\"a}hne, Sven and Haynes, John-Dylan and Blankertz, Benjamin and Bie{\ss}mann, Felix},
  journal={Neuroimage},
  volume={87},
  pages={96--110},
  year={2014},
  publisher={Elsevier}
}
